@INPROCEEDINGS{5764677,
author={Ansel, J. and Yee Lok Wong and Chan, C. and Olszewski, M. and Edelman, A. and Amarasinghe, S.},
booktitle={Code Generation and Optimization (CGO), 2011 9th Annual IEEE/ACM International Symposium on}, title={Language and compiler support for auto-tuning variable-accuracy algorithms},
year={2011},
month={april},
volume={},
number={},
pages={85 -96},
keywords={algorithm specific parameter;approximation algorithm;candidate algorithm;compiler support;data resampling;high level specification;iterative method;language extension;language support;library abstraction;performance optimization;structured genetic tuning algorithm;variable accuracy algorithm;variable accuracy code;genetic algorithms;iterative methods;program compilers;programming languages;},
doi={10.1109/CGO.2011.5764677},
ISSN={},}

@inproceedings{Rinard:2006:PAB:1183401.1183447,
 author = {Rinard, Martin},
 title = {Probabilistic accuracy bounds for fault-tolerant computations that discard tasks},
 booktitle = {Proceedings of the 20th annual international conference on Supercomputing},
 series = {ICS '06},
 year = {2006},
 isbn = {1-59593-282-8},
 location = {Cairns, Queensland, Australia},
 pages = {324--334},
 numpages = {11},
 url = {http://doi.acm.org/10.1145/1183401.1183447},
 doi = {10.1145/1183401.1183447},
 acmid = {1183447},
 publisher = {ACM},
 address = {New York, NY, USA},
}

@article{deKruijf:2010:RAF:1816038.1816026,
 author = {de Kruijf, Marc and Nomura, Shuou and Sankaralingam, Karthikeyan},
 title = {Relax: an architectural framework for software recovery of hardware faults},
 journal = {SIGARCH Comput. Archit. News},
 issue_date = {June 2010},
 volume = {38},
 number = {3},
 month = jun,
 year = {2010},
 issn = {0163-5964},
 pages = {497--508},
 numpages = {12},
 url = {http://doi.acm.org/10.1145/1816038.1816026},
 doi = {10.1145/1816038.1816026},
 acmid = {1816026},
 publisher = {ACM},
 address = {New York, NY, USA},
 keywords = {reliability, software recovery},
}

@inproceedings{deKruijf:2010:RAF:1815961.1816026,
 author = {de Kruijf, Marc and Nomura, Shuou and Sankaralingam, Karthikeyan},
 title = {Relax: an architectural framework for software recovery of hardware faults},
 booktitle = {Proceedings of the 37th annual international symposium on Computer architecture},
 series = {ISCA '10},
 year = {2010},
 isbn = {978-1-4503-0053-7},
 location = {Saint-Malo, France},
 pages = {497--508},
 numpages = {12},
 url = {http://doi.acm.org/10.1145/1815961.1816026},
 doi = {10.1145/1815961.1816026},
 acmid = {1816026},
 publisher = {ACM},
 address = {New York, NY, USA},
 keywords = {reliability, software recovery},
}

@inproceedings{Riesen:2011:SAR:2238436.2238466,
 author = {Riesen, Rolf and Ferreira, Kurt B. and Varela, Maria Ruiz and Taufer, Michela and Rodrigues, Arun},
 title = {Simulating application resilience at exascale},
 booktitle = {Proceedings of the 2011 international conference on Parallel Processing - Volume 2},
 series = {Euro-Par'11},
 year = {2012},
 isbn = {978-3-642-29739-7},
 location = {Bordeaux, France},
 pages = {221--230},
 numpages = {10},
 url = {http://dx.doi.org/10.1007/978-3-642-29740-3_26},
 doi = {10.1007/978-3-642-29740-3_26},
 acmid = {2238466},
 publisher = {Springer-Verlag},
 address = {Berlin, Heidelberg},
}

@ARTICLE{1386657,
author={Yotov, K. and Li, X. and Ren, G. and Garzaran, M.J.S. and Padua, D. and Pingali, K. and Stodghill, P.},
journal={Proceedings of the IEEE}, title={Is Search Really Necessary to Generate High-Performance {BLAS}?},
year={2005},
month={feb. },
volume={93},
number={2},
pages={358 -386},
keywords={ATLAS;BLAS;Basic Linear Algebra Subprograms;code generation;global search engine;library generators;model driven optimization engine;program compilers;program optimization;search based empirical optimization;linear algebra;mathematics computing;optimising compilers;software libraries;},
doi={10.1109/JPROC.2004.840444},
ISSN={0018-9219},}

@article{journals/ijhpca/CappelloGGKKS09,
  added-at = {2009-12-14T00:00:00.000+0100},
  author = {Cappello, Franck and Geist, Al and Gropp, Bill and Kale, Laxmikant V. and Kramer, Bill and Snir, Marc},
  biburl = {http://www.bibsonomy.org/bibtex/26cae72b31f2a647605ca77ea380581aa/dblp},
  date = {2009-12-14},
  description = {dblp},
  ee = {http://dx.doi.org/10.1177/1094342009347767},
  interhash = {764e18e147473f54322771fa8c26427d},
  intrahash = {6cae72b31f2a647605ca77ea380581aa},
  journal = {IJHPCA},
  keywords = {dblp},
  number = 4,
  pages = {374-388},
  timestamp = {2009-12-14T00:00:00.000+0100},
  title = {Toward Exascale Resilience.},
  url = {http://dblp.uni-trier.de/db/journals/ijhpca/ijhpca23.html#CappelloGGKKS09},
  volume = 23,
  year = 2009
}

@inproceedings{Restrepo-Calle:2010:CIF:1811212.1811218,
 author = {Restrepo-Calle, Felipe and Mart\'{\i}nez-\'{A}lvarez, Antonio and Guzm\'{a}n-Miranda, Hip\'{o}lito and Palomo, F. R. and Aguirre, M. A. and Cuenca-Asensi, Sergio},
 title = {A compiler-based infrastructure for fault-tolerant co-design},
 booktitle = {Proceedings of the 13th International Workshop on Software \&\#38; Compilers for Embedded Systems},
 series = {SCOPES '10},
 year = {2010},
 isbn = {978-1-4503-0084-1},
 location = {St. Goar, Germany},
 pages = {4:1--4:10},
 articleno = {4},
 numpages = {10},
 url = {http://doi.acm.org/10.1145/1811212.1811218},
 doi = {10.1145/1811212.1811218},
 acmid = {1811218},
 publisher = {ACM},
 address = {New York, NY, USA},
 keywords = {co-design, fault-tolerance, hardening, single event effect (SEE), single event upset (SEU)},
}

@INPROCEEDINGS{6264672,
author={Lidman, J. and Quinlan, D.J. and Liao, C. and McKee, S.A.},
booktitle={Dependable Systems and Networks Workshops (DSN-W), 2012 IEEE/IFIP 42nd International Conference on}, title={ROSE::FTTransform - A source-to-source translation framework for exascale fault-tolerance research},
year={2012},
month={june},
volume={},
number={},
pages={1 -6},
keywords={HPC software;ROSE::FTTransform;automated solutions;exascale architectures;exascale computing systems;exascale fault tolerance research;extreme scale machines;hardware fault tolerance;high performance computing;open compiler-based framework;power efficiency;processor chip;program execution;semiautomated solutions;software development process;software resiliency;source-to-source translation framework;streamlined processor;transient error handling;transient sensitivity;voltage drops;fast Fourier transforms;fault tolerant computing;mainframes;microprocessor chips;power aware computing;program compilers;program interpreters;sensitivity;transients;},
doi={10.1109/DSNW.2012.6264672},
ISSN={},}

@inproceedings{deKruijf:2011:IPA:2155620.2155637,
 author = {de Kruijf, Marc and Sankaralingam, Karthikeyan},
 title = {Idempotent processor architecture},
 booktitle = {Proceedings of the 44th Annual IEEE/ACM International Symposium on Microarchitecture},
 series = {MICRO-44 '11},
 year = {2011},
 isbn = {978-1-4503-1053-6},
 location = {Porto Alegre, Brazil},
 pages = {140--151},
 numpages = {12},
 url = {http://doi.acm.org/10.1145/2155620.2155637},
 doi = {10.1145/2155620.2155637},
 acmid = {2155637},
 publisher = {ACM},
 address = {New York, NY, USA},
}

@INPROCEEDINGS{Baek10green:a,
    author = {Woongki Baek and Trishul M. Chilimbi},
    title = {Green: a framework for supporting energy-conscious programming using controlled approximation},
    booktitle = {In ACM SIGPLAN Conference on Programming language design and implementation, PLDI â€™10},
    year = {2010}
}

@article{Hoffmann:2011:DKR:1961295.1950390,
 author = {Hoffmann, Henry and Sidiroglou, Stelios and Carbin, Michael and Misailovic, Sasa and Agarwal, Anant and Rinard, Martin},
 title = {Dynamic knobs for responsive power-aware computing},
 journal = {SIGARCH Comput. Archit. News},
 issue_date = {March 2011},
 volume = {39},
 number = {1},
 month = mar,
 year = {2011},
 issn = {0163-5964},
 pages = {199--212},
 numpages = {14},
 url = {http://doi.acm.org/10.1145/1961295.1950390},
 doi = {10.1145/1961295.1950390},
 acmid = {1950390},
 publisher = {ACM},
 address = {New York, NY, USA},
 keywords = {accuracy-aware computing, power-aware computing, self-aware systems},
}

@inproceedings{Chan:2009:AMP:1654059.1654065,
 author = {Chan, Cy and Ansel, Jason and Wong, Yee Lok and Amarasinghe, Saman and Edelman, Alan},
 title = {Autotuning multigrid with PetaBricks},
 booktitle = {Proceedings of the Conference on High Performance Computing Networking, Storage and Analysis},
 series = {SC '09},
 year = {2009},
 isbn = {978-1-60558-744-8},
 location = {Portland, Oregon},
 pages = {5:1--5:12},
 articleno = {5},
 numpages = {12},
 url = {http://doi.acm.org/10.1145/1654059.1654065},
 doi = {10.1145/1654059.1654065},
 acmid = {1654065},
 publisher = {ACM},
 address = {New York, NY, USA},
}

@article{Cui:2012:EPO:2355585.2355587,
 author = {Cui, Huimin and Xue, Jingling and Wang, Lei and Yang, Yang and Feng, Xiaobing and Fan, Dongrui},
 title = {Extendable pattern-oriented optimization directives},
 journal = {ACM Trans. Archit. Code Optim.},
 issue_date = {September 2012},
 volume = {9},
 number = {3},
 month = oct,
 year = {2012},
 issn = {1544-3566},
 pages = {14:1--14:37},
 articleno = {14},
 numpages = {37},
 url = {http://doi.acm.org/10.1145/2355585.2355587},
 doi = {10.1145/2355585.2355587},
 acmid = {2355587},
 publisher = {ACM},
 address = {New York, NY, USA},
 keywords = {Compiler, multicore compilation, optimization, pattern},
}

@INPROCEEDINGS{1402092,
author={Reis, G.A. and Chang, J. and Vachharajani, N. and Rangan, R. and August, D.I.},
booktitle={Code Generation and Optimization, 2005. CGO 2005. International Symposium on}, title={SWIFT: software implemented fault tolerance},
year={2005},
month={march},
volume={},
number={},
pages={ 243 - 254},
keywords={ SWIFT; control-flow checking mechanism; hardware technique; instruction-level resource; memory system; program execution; redundancy; reliable system; single-threaded approach; soft-errors; software implemented fault tolerance; software technique; transient-fault-detection technique; error correction codes; fault diagnosis; program processors; redundancy; software fault tolerance; storage management;},
doi={10.1109/CGO.2005.34},
ISSN={},}

@article{deKruijf:2012:SAC:2345156.2254120,
 author = {de Kruijf, Marc A. and Sankaralingam, Karthikeyan and Jha, Somesh},
 title = {Static analysis and compiler design for idempotent processing},
 journal = {SIGPLAN Not.},
 issue_date = {June 2012},
 volume = {47},
 number = {6},
 month = jun,
 year = {2012},
 issn = {0362-1340},
 pages = {475--486},
 numpages = {12},
 url = {http://doi.acm.org/10.1145/2345156.2254120},
 doi = {10.1145/2345156.2254120},
 acmid = {2254120},
 publisher = {ACM},
 address = {New York, NY, USA},
 keywords = {idempotent processing, idempotent regions},
}

@article{Abadi:2009:CIP:1609956.1609960,
 author = {Abadi, Mart\'{\i}n and Budiu, Mihai and Erlingsson, \'{U}lfar and Ligatti, Jay},
 title = {Control-flow integrity principles, implementations, and applications},
 journal = {ACM Trans. Inf. Syst. Secur.},
 issue_date = {October 2009},
 volume = {13},
 number = {1},
 month = nov,
 year = {2009},
 issn = {1094-9224},
 pages = {4:1--4:40},
 articleno = {4},
 numpages = {40},
 url = {http://doi.acm.org/10.1145/1609956.1609960},
 doi = {10.1145/1609956.1609960},
 acmid = {1609960},
 publisher = {ACM},
 address = {New York, NY, USA},
 keywords = {Binary rewriting, control-flow graph, inlined reference monitors, vulnerabilities},
}

@article{Reis:2005:SFT:1113841.1113843,
 author = {Reis, George A. and Chang, Jonathan and Vachharajani, Neil and Rangan, Ram and August, David I. and Mukherjee, Shubhendu S.},
 title = {Software-controlled fault tolerance},
 journal = {ACM Trans. Archit. Code Optim.},
 issue_date = {December 2005},
 volume = {2},
 number = {4},
 month = dec,
 year = {2005},
 issn = {1544-3566},
 pages = {366--396},
 numpages = {31},
 url = {http://doi.acm.org/10.1145/1113841.1113843},
 doi = {10.1145/1113841.1113843},
 acmid = {1113843},
 publisher = {ACM},
 address = {New York, NY, USA},
 keywords = {Software-controlled fault tolerance, fault detection, reliability},
}

@TECHREPORT { lee2011sef,
    AUTHOR = { Ikhwan Lee and Mehmet Basoglu and Michael Sullivan and Doe Hyun Yoon and Larry Kaplan and Mattan Erez },
    TITLE = { Survey of Error and Fault Detection Mechanisms },
    NUMBER = { TR-LPH-2011â€“002 },
    INSTITUTION = { LPH Group, Department of Electrical and Computer Engineering, The University of Texas at Austin },
    MONTH = { April },
    YEAR = { 2011 },
    PDF = { /detection_mechanisms_TR_LPH_2011_002.pdf },
    MYCAT = { report },
}

@INPROCEEDINGS{6012845,
author={Keun Soo Yim and Cuong Pham and Saleheen, M. and Kalbarczyk, Z. and Iyer, R.},
booktitle={Parallel Distributed Processing Symposium (IPDPS), 2011 IEEE International},
title={{Hauberk}: Lightweight Silent Data Corruption Error Detector for {GPGPU}},
year={2011},
month={may},
volume={},
number={},
pages={287 -300},
keywords={GPGPU platform;GPU application;GPU program;GPU-based platform;HPC benchmark programs;Hauberk technique;commodity GPU device;error detection coverage;error propagation;error resiliency;fault injection tool;high performance computing;recoverability;silent data corruption error detector;source code;computer graphic equipment;coprocessors;error detection;},
doi={10.1109/IPDPS.2011.36},
ISSN={1530-2075},}


@Article{baumann:2005,
  author =    {R. C. Baumann},
  title =     {{Radiation-Induced Soft Errors in Advanced Semiconductor Technologies}},
  journal =   {IEEE Transactions on Device and Materials Reliability},
  year =      2005,
  month =     {September},
  volume =    5,
  number =    3,
  pages =     {305-316}
}

@INPROCEEDINGS{therm_noise:2007,
    author={H. Li and J. Mundy and W. Patterson and D. Kazazis and A. Zaslavsky and R. I. Bahar},
    booktitle={IEEE International Symposium on Nanoscale Architectures (NANOARCH)},
    title={Thermally-induced Soft Errors in Nanoscale {CMOS} Circuits},
    year={2007},
    pages={62-69},
}

@INPROCEEDINGS{err_scaling:2012,
    author={Lloyd W. Massengill and Bharat L. Bhuva and  W. Timothy Holman and Michael L. Alles and T. Daniel Loveless},
    title={Technology Scaling and Soft Error Reliability},
    booktitle={IEEE Reliability Physics Symposium (IRPS)},
    year={2012},
    pages={3C.1.1-3C.1.7},
}


@INPROCEEDINGS{mem_errors:2010,
    author={Xin Li and Michael C. Huang and Kai Shen and Lingkun Chu},
    title={A Realistic Evaluation of Memory Hardware Errors and Software System Susceptibility},
    booktitle={USENIX Annual Technical Conference},
    year={2010},
}

@INPROCEEDINGS{mr-mpi:2011,
    author={Christian Engelmann and Swen Böhm},
    title={Redundant Execution of {HPC} Applications with {MR-MPI}},
    booktitle={International Conference on Parallel and Distributed Computing and Networks (PDCN)},
    year={2011},
}

@INPROCEEDINGS{rmpi:2011,
    author={Kurt Ferreira and Jon Stearley and James H. Laros, III and Ron Oldfield	and Kevin Pedretti and Ron Brightwell and Rolf Riesen and Patrick G. Bridges and Dorian Arnold},
    title={Evaluating the Viability of Process Replication Reliability for Exascale Systems},
    booktitle={Supercomputing},
    year={2011},
}

@INPROCEEDINGS{dyn_cmp_repl:2007,
    author={Christopher LaFrieda and Engin Ipek and Jose F. Martinez and Rajit Manohar},
    title={Utilizing Dynamically Coupled Cores to Form a Resilient Chip Multiprocessor},
    booktitle={International Conference on Dependable Systems and Networks (DSN)},
    year={2007},
    pages={317-326},
}


@INPROCEEDINGS{repl_smt:2000,
    author={Steven K. Reinhardt and Shubhendu S. Mukherjee},
    title={Transient Fault Detection via Simultaneous Multithreading},
    booktitle={International Symposium on Computer Architecture (ISCA)},
    year={2000},
    pages={25-36},
}

@Article{asciQSER:2005,
  author  = {Sarah Michalak and Kevin W. Harris and Nicolas W. Hengartner and Bruce E. Takala and Stephen A. Wender},
  title   = {{Predicting the Number of Fatal Soft Errors in {Los Alamos National Laboratory's} {ASC Q} Supercomputer}},
  journal = {IEEE Transactions on Device and Materials Reliability},
  year =    "2005",
  volume  = 5,
  number  = 3,
  month   = {September},
}


@InProceedings{mpi_ser:reed:2004,
  author =    {Charng-da Lu and Daniel A Reed},
  title =     {{Assessing Fault Sensitivity in MPI Applications}},
  booktitle =   {Supercomputing},
  month = {November},
  year =      2004,
}

@InProceedings{amg_abft:2012,
  author =    {Marc Casas and Bronis R. de Supinski and Greg Bronevetsky and Martin Schulz},
  title =     {{Fault Resilience of the Algebraic Multi-Grid Solver}},
  booktitle =   {International Conference on Supercomputing},
  pages = {91-100},
  year =      2012,
}

@InProceedings{robustification:2010,
  author =    {Joseph Sloan and David Kesler and Rakesh Kumar and Ali Rahimi},
  title =     {{A Numerical Optimization-based Methodology for Application Robustification: Transforming Applications for Error Tolerance}},
  booktitle={International Conference on Dependable Systems and Networks (DSN)},
  pages = {161-170},
  year =      2010,
}

@InProceedings{abft:1984,
  author =    {Kuang-Hua Huang and Jacob A. Abraham},
  title =     {{Algorithm-Based Fault Tolerance for Matrix Operations}},
  booktitle={International Conference on Dependable Systems and Networks (DSN)},
  pages = {161-170},
  year =      2010,
}

@article{abft:1984-2,
  author =    {Kuang-Hua Huang and Jacob A. Abraham},
  title =     {{Algorithm-Based Fault Tolerance for Matrix Operations}},
 journal = {IEEE Transactions on Computers},
 volume = {C-33},
 number = {6},
 month = jun,
 year = {1984},
 pages = {518-528},
}

@article{lasso:2011,
  author =    {Stephen Boyd and Neal Parikh and Eric Chu and Borja Peleato and Jonathan Eckstein},
  title =     {{Distributed Optimization and Statistical Learning via the Alternating Direction Method of Multipliers}},
 journal = {Foundations and Trends in Machine Learning},
 volume = {3},
 number = {1},
 month = jun,
 year = {2011},
 pages = {1-122},
}


@misc{hattrick:2012,
    author = {William T. Olson},
    howpublished = {http://code.google.com/p/hattrick-nbody},
    title = {Hattrick N-body Simulator},
    year = {2012},
}

@misc{drc:2012,
    author = {Denis Sbragion},
    howpublished = {http://drc-fir.sourceforge.net/},
    title = {DRC: Digital Room Correction},
    year = {2012},
}

@misc{gsl:2011,
    author = {Free Software Foundation},
    title = {GNU Scientific Library -- Reference Manual},
    year = {2011},
}

@misc{sigsetjmp:1997,
	author = {The Open Group},
	title = {The Single UNIX (R) specification, Version 2}
	year = {1997},
}

@InProceedings{avf:2003,
  author =    {Shubhendu S. Mukherjee and Christopher Weaver and Joel Emer and Steven K. Reinhardt and Todd Austin},
  title =     {{A Systematic Methodology to Compute the Architectural Vulnerability Factors for a High-Performance Microprocessor}},
  booktitle =   {International Symposium on Microarchitecture (MICRO)},
  month = {dec},
  year =      2003,
}

@inproceedings{relax:2010,
  author = {M. de Kruijf and S. Nomura and K. Sankaralingam},
  title = {{Relax: An Architectural Framework for Software Recovery of Hardware Faults}},
  booktitle = {International Symposium on Computer Architecture (ISCA)},
  year = {2010}
}

@article{fault_injection:iyer:1997,
 author               = {M. C. Hsueh and T. K. Tsai and R. K. Iyer},
 journal              = {IEEE Computer},
 month                = {November},
 number               = {4},
 pages                = {75-82},
 title                = {{Fault Injection Techniques and Tools}},
 volume               = {30},
 year                 = {1997},
 }

@Article{freq_dep:irom:2004,
  author =    {F. Irom and F. F. Farmanesh},
  title =     {Frequency Dependence of Single-event Upset in Advanced Commercial PowerPC Microprocessors},
  journal =   {IEEE Transactions on Nuclear Science},
  year =      2004,
  month =     {December},
  volume =    51,
  number =    6,
  pages =     {3505-3509}
}

@InProceedings{sesee:2004,
  author =    {V. Degalahal and N. Vijaykrishnan and M.J. Irwin and S. Cetiner and F. Alim and K. Unlu},
  title =     {{SESEE}: A Soft Error Simulation and Estimation Engine},
  booktitle =   {MAPLD International Conference},
  year =      2004,
}

@inproceedings{LLVM,
   author = {C. Lattner and V. Adve},
   title = {{LLVM: A Compilation Framework for Lifelong Program Analysis and Transformation}},
   booktitle = {International Symposium on Code Generation and Optimization (CGO)},
   year = "2004"
}

@article{Ziegler:1996:TCR:226354.226356,
author = {Ziegler, J. F.},
title = {Terrestrial cosmic rays},
journal = {IBM J. Res. Dev.},
issue_date = {Jan. 1996},
 volume = {40},
  number = {1},
   month = jan,
	year = {1996},
	 issn = {0018-8646},
	  pages = {19--39},
	   numpages = {21},
		url = {http://dx.doi.org/10.1147/rd.401.0019},
		 doi = {10.1147/rd.401.0019},
		  acmid = {226356},
		   publisher = {IBM Corp.},
			address = {Riverton, NJ, USA},
			}
